% Bibliografia capitulo 1
@Electronics{wikipedia-de-robot,
	Title = {La robótica},
	howpublished = {\url{https://es.wikipedia.org/wiki/Robot}},
	author = {Wikipedia}
}

@Electronics{los-robots-móviles,
	Title = {Robótica móvil: Qué es y sus aplicaciones},
	howpublished = {\url{https://openwebinars.net/blog/robotica-movil-que-es-y-sus-aplicaciones/}},
	author = {Angel Eduardo Gil Pérez}
}

@Electronics{la-conducción-autónoma,
	Title = {Conducción autónoma | niveles y tecnología},
	howpublished = {\url{https://www.km77.com/reportajes/varios/conduccion-autonoma-niveles}},
}

@inproceedings{estándar-j3016,
	Title = {SAE Standards News: J3016 automated-driving graphic update},
	year = {2019},
	publisher = {SAE Internacional},
	howpublished = {\url{https://www.sae.org/news/2019/01/sae-updates-j3016-automated-driving-graphic#:~:text=The\%20J3016\%20standard\%20defines\%20six\%20levels\%20of\%20driving,the\%20industry\%E2\%80\%99s\%20most-cited\%20reference\%20for\%20automated-vehicle\%20\%28AV\%29\%20capabilities.como ficho un articulo de la SAE international en }},
}

@online{introducción_a_ros,
	author = {{ROS Documentation}},
	title = {ROS Documentation},
	url = {http://wiki.ros.org/es/ROS/Introduccion},
	howpublished = {\url{http://wiki.ros.org/es/ROS/Introduccion}},
}

@article{tesla_y_robotaxi,
	title = {DIGITALIZATION IN MODERN TRANSPORT OF PASSENGERS AND FREIGHT},
	url = {http://www.ncd.matf.bg.ac.rs/issues/39/9.pdf},
	howpublished = {\url{http://www.ncd.matf.bg.ac.rs/issues/39/9.pdf}},
}

@online{ADAS_DGT,
	author = {Dirección General de Tráfico},
	title = {Sistemas avanzados de ayuda a la conducción (ADAS)},
	year = {2023},
	url = {https://www.dgt.es/muevete-con-seguridad/conviertete-en-un-buen-conductor/Sistemas-avanzados-de-ayuda-a-la-conduccion-ADAS-/},
	howpublished = {\url{https://www.dgt.es/muevete-con-seguridad/conviertete-en-un-buen-conductor/Sistemas-avanzados-de-ayuda-a-la-conduccion-ADAS-/}},
}

@article{robotaxi,
	title = {Robo-Taxi service fleet sizing: assessing the impact of user trust and willingness-to-use},
	year = {2019},
	url = {https://link.springer.com/article/10.1007/s11116-019-10013-x},
	howpublished = {\url{https://link.springer.com/article/10.1007/s11116-019-10013-x}},
}

@article{estado_del_arte_conducción_autónoma,
	title = {Pasado, presente y futuro del coche autónomo},
	year = {2021},
	url = {https://upcommons.upc.edu/handle/2117/339711},
	howpublished = {\url{https://upcommons.upc.edu/handle/2117/339711}},
}

@article{peligros_conducción_autónoma,
	title = {Road safety, health inequity and the imminence of autonomous vehicles},
	year = {2021},
	url = {https://www.nature.com/articles/s42256-021-00382-3#citeas},
	howpublished = {\url{https://www.nature.com/articles/s42256-021-00382-3#citeas}},
}

@article{la_revolución_de_la_conducción_autónoma,
	title = {Not If, but When: Autonomous Driving and the Future of Transit},
	year = {2018},
	url = {https://www.sciencedirect.com/science/article/pii/S1077291X22000558},
	howpublished = {\url{https://www.sciencedirect.com/science/article/pii/S1077291X22000558}},
}

@article{detección_de_objetos_con_redes_neuronales,
	title = {Identificación y detección de objetos móviles mediante redes neuronales empleando el sistema NVIDIA Jetson TX2},
	year = {2020},
	url = {https://accedacris.ulpgc.es/handle/10553/77918},
	howpublished = {\url{https://accedacris.ulpgc.es/handle/10553/77918}},
}

@article{aprendizaje_por_refuerzo,
	title = {Aprendizaje por Refuerzo},
	year = {2023},
	url = {http://ccc.inaoep.mx/~emorales/Cursos/NvoAprend/Acetatos/refuerzo.pdf},
	howpublished = {\url{http://ccc.inaoep.mx/~emorales/Cursos/NvoAprend/Acetatos/refuerzo.pdf}},
}

@article{conducción_autónoma_imitation_learning,
	title = {TFM: Autonomous driving in traffic using end-to-end deep learning},
	year = {2023},
	url = {https://roboticslaburjc.github.io/tfm/TFG-Enrique-Shinohara/},
	howpublished = {\url{https://roboticslaburjc.github.io/tfm/TFG-Enrique-Shinohara/}},
}

@online{robots-moviles-2,
	author = {{Aníbal ollero Baturone}},
	title = {Robótica Manipuladores y Robos móviles},
	url = {https://books.google.es/books?hl=es&lr=&id=TtMfuy6FNCcC&oi=fnd&pg=PR15&dq=La+robotica&ots=33P_D-s86R&sig=gup891BdTDkvpM2nFXTuB9RxcZ8&redir_esc=y#v=onepage&q=La\%20robotica&f=false },
	howpublished = {\url{https://books.google.es/books?hl=es&lr=&id=TtMfuy6FNCcC&oi=fnd&pg=PR15&dq=La+robotica&ots=33P_D-s86R&sig=gup891BdTDkvpM2nFXTuB9RxcZ8&redir_esc=y#v=onepage&q=La\%20robotica&f=false }},
}

@online{robots-colaborativos,
	author = {{Jorge Sanz Pereda}},
	title = {Robots industriales colaborativos},
	url = {https://dialnet.unirioja.es/servlet/articulo?codigo=6716437},
	howpublished = {\url{https://dialnet.unirioja.es/servlet/articulo?codigo=6716437}},
}

@online{movilidad-inteligente-y-conduccion-autonoma,
	author = {{Ricardo Chincharro Sánchez}},
	title = {La movilidad inteligente y la conducción autónoma},
	url = {https://dialnet.unirioja.es/servlet/articulo?codigo=4703793},
	howpublished = {\url{https://dialnet.unirioja.es/servlet/articulo?codigo=4703793}},
}

@online{articulo-academico-tesla,
	author = {{Mica R. Endslay}},
	title = {Autonomous Driving Systems: A Preliminary Naturalistic Study of the Tesla Model S},
	url = {https://journals.sagepub.com/doi/abs/10.1177/1555343417695197},
	howpublished = {\url{https://journals.sagepub.com/doi/abs/10.1177/1555343417695197}},
}

@online{Implementación_de_redes_neuronales_para_conducción_autónoma,
	author = {{Aiz allende Alejandro}},
	title = {Implementación de redes neuronales para conducción autónoma},
	url = {https://repositorio.unican.es/xmlui/handle/10902/21899},
	howpublished = {\url{https://repositorio.unican.es/xmlui/handle/10902/21899}},
}

@online{RL-2,
	author = {{Kaelbling Littman Moore}},
	title = {Reinforcement learning A survey},
	url = {https://www.jair.org/index.php/jair/article/view/10166 },
	howpublished = {\url{https://www.jair.org/index.php/jair/article/view/10166 }},
}

@article{imitation-learning-2,
	author = {{Stefan Schaal}},
	title = {Is imitation learning the route to humanoid robots},
	url = {https://www.cell.com/trends/cognitive-sciences/fulltext/S1364-6613(99)01327-3?large_figure=true},
	howpublished = {\url{https://www.cell.com/trends/cognitive-sciences/fulltext/S1364-6613(99)01327-3?large_figure=true}},
}

@article{Niveles-altos-autonomía,
	author = {{Venkata Satya Rahul Kosuru  and Ashwin Kavasseri Venkitaraman}},
	title = {Advancements and challenges in achieving fully autonomous self-driving vehicles},
	url = {https://wjarr.com/content/advancements-and-challenges-achieving-fully-autonomous-self-driving-vehicles},
	howpublished = {\url{https://wjarr.com/content/advancements-and-challenges-achieving-fully-autonomous-self-driving-vehicles}},
}

%capitulo 3

@Electronics{que_es_python_1,
	Title = {que es python},
	howpublished = {\url{https://developer.oracle.com/es/learn/technical-articles/what-is-python}},
}

@Electronics{que_es_python_2,
	Title = {que es python},
	howpublished = {\url{https://developer.oracle.com/es/learn/technical-articles/what-is-python}},
}

@online{python_y_la_ia,
	author = {Andrii Mazur},
	title = {Python para el desarrollo de IA: ¿Por qué es tan importante?},
	year = {2022},
	url = {https://apix-drive.com/es/blog/useful/python-para-el-desarrollo-de-ia-por-que-es-tan-importante},
	howpublished = {\url{https://apix-drive.com/es/blog/useful/python-para-el-desarrollo-de-ia-por-que-es-tan-importante}},
}

%capitulo 4

@online{distribuciones_ros,
	author = {Ros},
	title = {Ros distributions},
	url = {http://wiki.ros.org/Distributions},
	howpublished = {\url{http://wiki.ros.org/Distributions}},
}

@online{carla_to_ros_bridge,
	author = {{carla to ros bridge oficial github}},
	title = {carla to ros bridge oficial github},
	url = {https://github.com/carla-simulator/ros-bridge},
	howpublished = {\url{https://github.com/carla-simulator/ros-bridge}},
}

@online{pygame,
	author = {{Wikipedia}},
	title = {Pygame},
	url = {https://es.wikipedia.org/wiki/Pygame},
	howpublished = {\url{https://es.wikipedia.org/wiki/Pygame}},
}

@online{sliding_window_lane_detection,
	author = {{Charles Wong}},
	title = {advanced lane finding using sliding window search},
	url = {https://github.com/charleswongzx/Advanced-Lane-Lines},
	howpublished = {\url{https://github.com/charleswongzx/Advanced-Lane-Lines}},
}

@online{pytorch,
	author = {{Pytorch team}},
	title = {PYTORCH DOCUMENTATION},
	url = {https://pytorch.org/docs/stable/index.html},
	howpublished = {\url{https://pytorch.org/docs/stable/index.html}},
}

